@article{montavon2018methods,
  title={Methods for interpreting and understanding deep neural networks},
  author={Montavon, Gr{\'e}goire and Samek, Wojciech and M{\"u}ller, Klaus-Robert},
  journal={Digital Signal Processing},
  volume={73},
  pages={1--15},
  year={2018},
  publisher={Elsevier}
}

@article{amisha2019overview,
  title={Overview of artificial intelligence in medicine},
  author={Amisha, Paras Malik and Pathania, Monika and Rathaur, Vyas Kumar},
  journal={Journal of family medicine and primary care},
  volume={8},
  number={7},
  pages={2328},
  year={2019},
  publisher={Wolters Kluwer--Medknow Publications}
}

@article{Wang_Preininger_2019,
  title={AI in Health: State of the Art, Challenges, and Future Directions},
  volume={28},
  url={https://www.ncbi.nlm.nih.gov/pmc/articles/PMC6697503},
  number={01},
  journal={Yearbook of Medical Informatics},
  author={Wang, Fei and Preininger, Anita},
  year={2019},
  month={Aug},
  pages={016–026}
}

@misc{Alzheimer.sk_2019, 
  url={http://www.alzheimer.sk/informacie/alzheimerova-choroba.aspx}, journal={Alzheimer.sk}, year={2019}
} 

% https://www.who.int/medicines/areas/priority_medicines/BP6_11Alzheimer.pdf#page=43&zoom=100,0,840
@article{duthey2013background,
  title={Background paper 6.11: Alzheimer disease and other dementias},
  author={Duthey, B{\'e}atrice},
  journal={A Public Health Approach to Innovation},
  pages={1--74},
  year={2013},
  publisher={World Health Organization Geneva, Switzerland}
}

@misc{Figures_2017,
  url={https://www.alz.org/alzheimers-dementia/facts-figures},
  journal={Alzheimer’s Disease and Dementia},
  year={2017}
}

@book{khan2016biomarkers,
  title={Biomarkers in Alzheimer's Disease},
  author={Khan, Tapan},
  year={2016},
  publisher={Academic Press}
}

@article{working2001biomarkers,
  title={Biomarkers and surrogate endpoints: preferred definitions and conceptual framework},
  author={Working, G Biomarkers Definitions},
  journal={Clin Pharmacol Ther},
  volume={69},
  number={3},
  pages={89--95},
  year={2001}
}

@article{simonyan2013deep,
  title={Deep inside convolutional networks: Visualising image classification models and saliency maps},
  author={Simonyan, Karen and Vedaldi, Andrea and Zisserman, Andrew},
  journal={arXiv preprint arXiv:1312.6034},
  year={2013}
}

@misc{Muller_Samek_Montavon_Lapuschkin_Arras,
    title={Explaining and Interpreting Deep Neural Networks},
    url={http://iphome.hhi.de/samek/pdf/DTUSummerSchool2017_1.pdf},
    author={Müller, Klaus-Robert and Samek, Wojciech and Montavon, Gregoire and Lapuschkin, Sebastian and Arras, Leila}
}

@article{Lee_Grosse_Ranganath_Ng,
    title={Unsupervised Learning of Hierarchical Representations with Convolutional Deep Belief Networks},
    url={https://web.eecs.umich.edu/~honglak/cacm2011-researchHighlights-convDBN.pdf},
    DOI={10.1145/2001269},
    author={Lee, Honglak and Grosse, Roger and Ranganath, Rajesh and Ng, Andrew}
}

@article{bohle2019layer,
  title={Layer-wise relevance propagation for explaining deep neural network decisions in MRI-based Alzheimer’s disease classification},
  author={B{\"o}hle, Moritz and Eitel, Fabian and Weygandt, Martin and Ritter, Kerstin},
  journal={Frontiers in aging neuroscience},
  volume={11},
  pages={194},
  year={2019},
  publisher={Frontiers}
}

@inproceedings{esmaeilzadeh2018end,
  title={End-to-end Alzheimer’s disease diagnosis and biomarker identification},
  author={Esmaeilzadeh, Soheil and Belivanis, Dimitrios Ioannis and Pohl, Kilian M and Adeli, Ehsan},
  booktitle={International Workshop on Machine Learning in Medical Imaging},
  pages={337--345},
  year={2018},
  organization={Springer}
}

@article{petsiuk2018rise,
  title={Rise: Randomized input sampling for explanation of black-box models},
  author={Petsiuk, Vitali and Das, Abir and Saenko, Kate},
  journal={arXiv preprint arXiv:1806.07421},
  year={2018}
}
